<?xml version="1.0" encoding="UTF-8"?><collection xmlns="http://www.loc.gov/MARC21/slim"><record><leader>00456nam--2200169-u-4500</leader><controlfield tag="001">000051954</controlfield><controlfield tag="002">20161230</controlfield><controlfield tag="005">20161230201049</controlfield><controlfield tag="008">090511s1000------------r-----000-0-eng-d</controlfield><datafield ind1=" " ind2=" " tag="040"><subfield code="a">IFIN-HH</subfield></datafield><datafield ind1=" " ind2=" " tag="080"><subfield code="a">517.9</subfield></datafield><datafield ind1="1" ind2=" " tag="100"><subfield code="a">Mitropolskii,Yu.A. s.a</subfield></datafield><datafield ind1="1" ind2="0" tag="245"><subfield code="a">Integriruemye Dinamicheskie Sistemy:Spektralnye i Differentsislyo-Geometricheskie Aspekty</subfield></datafield><datafield ind1=" " ind2=" " tag="260"><subfield code="a">Kiev</subfield><subfield code="c">1987</subfield></datafield><datafield ind1=" " ind2=" " tag="300"><subfield code="a">296 p</subfield></datafield><datafield ind1=" " ind2=" " tag="852"><subfield code="a">74542</subfield><subfield code="c">517.9</subfield></datafield><datafield ind1=" " ind2=" " tag="CAT"><subfield code="a">Sys</subfield><subfield code="c">20090511</subfield><subfield code="h">141718</subfield></datafield></record></collection>